@inproceedings{Washington2003EllipticCN,
  title={Elliptic Curves: Number Theory and Cryptography},
  author={Lawrence C. Washington},
  year={2003}
}